<?xml version="1.0" encoding="UTF-8"?><collection xmlns="http://www.loc.gov/MARC21/slim"><record><leader>00591nam--2200181-i-4500</leader><controlfield tag="001">000038275</controlfield><controlfield tag="002">20161230</controlfield><controlfield tag="005">20161230201041</controlfield><controlfield tag="008">060222s1000------------r-----000-0-rus-d</controlfield><datafield ind1=" " ind2=" " tag="040"><subfield code="a">IFIN-HH</subfield></datafield><datafield ind1=" " ind2=" " tag="041"><subfield code="a">rus</subfield></datafield><datafield ind1=" " ind2=" " tag="080"><subfield code="a">621.384.6</subfield></datafield><datafield ind1="1" ind2=" " tag="100"><subfield code="a">Batalin, V.A</subfield></datafield><datafield ind1="1" ind2="0" tag="245"><subfield code="a">Naladka rejima uskorenia i parametri luceka lineinogo uskoritelia i-2</subfield><subfield code="b">No 513</subfield><subfield code="c">V.a. batalin, i.m. kapcinskii, n.v. lazarev, v.k. plotnikov, b.i. poliakov</subfield></datafield><datafield ind1=" " ind2=" " tag="260"><subfield code="a">Moskva</subfield><subfield code="b">Institut Teoreticeskoi I Eksperimentalnoi Fiziki</subfield><subfield code="c">1967</subfield></datafield><datafield ind1="1" ind2=" " tag="700"><subfield code="a">Poliakov, B.I</subfield></datafield><datafield ind1=" " ind2=" " tag="852"><subfield code="a">9072</subfield><subfield code="c">539</subfield></datafield><datafield ind1=" " ind2=" " tag="CAT"><subfield code="a">Sys</subfield><subfield code="c">20111111</subfield><subfield code="h">130559</subfield></datafield></record></collection>